@online{goedelrap,
	keywords={own},
	url="https://www.youtube.com/watch?v=x6uNwFtbcNs",
	title="Godel's Incompleteness Rap - Breakthrough Junior Challenge",
	author="mnnska",
	year=2017,
	urldate={2019-10-05}
}

@online{fragmente85,
	keywords={own},
	author="Friedrich Wilhelm Nietzsche",
	title="Nachgelassene Fragmente",
	year=1985,
	url="http://www.nietzschesource.org/#eKGWB/NF-1885,34[249]",
	urldate={2019-10-04}
}

@book{taocp1,
	keywords={own},
	author="Donald Ervin Knuth",
	title="The Art of Computer Programming, Volume 1",
	year=1968,
	isbn="978-0-201-89683-1"
}

@book{wittgenstein,
	keywords={own},
	title="Tractatus logico-philosophicus",
	author="Ludwig Josef Johann Wittgenstein",
	year=1921,
	isbn="978-3-51-810012-7"
}

@article{goedel,
	keywords={own},
	title="Über formal unentscheidbare Sätze der Principia Mathematica und verwandter Systeme I",
	author="Kurt Friedrich Gödel",
	year=1931,
	journal="Monatshefte zur Mathematik und Physik",
	pages={173 -- 198}
}

@online{altenkirch,
	keywords={own},
	title="Computer Science \ensuremath{\cap} Mathematics (Type Theory) - Computerphile",
	author="Thorsten Altenkirch",
	url="https://www.youtube.com/watch?v=qT8NyyRgLDQ",
	urldate={2019-09-30}
}

@online{presburger,
	keywords={own},
	author = "{Wikipedia contributors}",
	title = "Presburger arithmetic --- {Wikipedia}{,} The Free Encyclopedia",
	year = "2019",
	url = "https://en.wikipedia.org/w/index.php?title=Presburger_arithmetic&oldid=911309272",
	urldate={2019-09-30},
	note="Presburger Arithmetik"
}

@online{github,
	keywords={own},
	author="Norman Koch/Kurt Gödel",
	url="https://github.com/NormanTUD/GoedelLaTex/",
	title="GoedelLaTex",
	urldate={2019-09-30}
}

@InCollection{septypetheory,
	keywords={own},
	author       =	{Coquand, Thierry},
	title        =	{Type Theory},
	booktitle    =	{The Stanford Encyclopedia of Philosophy},
	editor       =	{Edward N. Zalta},
	howpublished =	{\url{https://plato.stanford.edu/archives/fall2018/entries/type-theory/}},
	year         =	{2018},
	edition      =	{Fall 2018},
	publisher    =	{Metaphysics Research Lab, Stanford University}
}

@online{presburger2,
	keywords={own},
	url="https://wwwbroy.in.tum.de/lehre/vorlesungen/perlen/SS08/Unterlagen/Presburger.pdf",
	author="Armin Heller",
	title="Ein Entscheidungsverfahren für die Presburger Arithmetik",
	urldate={2019-09-30}
}

@online{libraryofbabel,
	keywords={own},
	url="https://libraryofbabel.info/",
	title="Library of Babel",
	author="Jonathan Basile",
	urldate={2019-09-30}
}

@book{principiamathematicavol1f,
	keywords={own},
	author="{Bertrand Arthur William Russell} AND {Alfred North Whitehead}",
	title="Principia Mathematica",
	volume="1f",
	year=1910
}









%%%%%%% GÖDEL











@article{hilbertschebeweistheorie,
	keywords={goedel},
	year=1927,
	author="John von Neumann",
	title="Zur \so{Hilbert}schen Beweistheorie",
	journal="Mathematische Zeitschrift",
	number=26,
	note={J.~v.~\so{Neumann}, Zur \so{Hilbert}schen Beweistheorie, Math. Zeitschr. 26, 1927}
}

@article{goedelvollstaendigkeit,
	keywords={goedel},
	year=1930,
	title="Die Vollständigkeit der Axiome des logischen Funktionenkalküls",
	journal="Monatshefte für Mathematik und Physik XXXVII",
	number=2,
	volume=37,
	author="Kurt Friedrich Gödel",
	note="Die Vollständigkeit der Axiome des logischen Funktionenkalküls, Monatsh. f. Math. u. Phys. XXXVII, 2."
}

@article{hilbertackermann,
	keywords={goedel},
	year=1928,
	title="Grundzüge der theoretischen Logik",
	author="David Hilbert AND Wilhelm Ackermann",
	journal="Grundlehren der mathematischen Wissenschaften",
	number=27,
	note="\so{Hilbert-Ackermann}, Grundzüge der theoretischen Logik"
}

@article{ueberdasunendliche,
	keywords={goedel},
	author="David Hilbert",
	title="Über das Unendliche",
	journal="Mathematische Annalen",
	year=1926,
	number=95,
	note="D.~\so{Hilbert}, Über das Unendliche, Math. An. 95"
}

@book{pmgoedel,
	keywords={goedel},
	title="Principia Mathematica",
	author="Alfred North Whitehead AND Bertrand Russell",
	year=1925,
	publisher="Cambridge",
	edition=2,
	note="A. Whitehead und B. Russell, Principia Mathematica, 2. Aufl., Cambridge 1925"
}

@article{zehnvls,
	keywords={goedel},
	note="A. Fraenkel, Zehn Vorlesungen über die Grundlegung der Mengenlehre, Wissensch. u. Hyp. Bd. XXXI.",
	title="Zehn Vorlesungen über die Grundlegung der Mengenlehre",
	author="Adolf Abraham Halevi"
}

@article{axiomatisierungmengenlehre,
	keywords={goedel},
	note="J.~v.~Neumann, die Axiomatisierung der Mengenlehre. Math. Zeitschr. 27, 1928",
	author="John von Neumann",
	title="Die Axiomatisierung der Mengenlehre",
	journal="Mathematische Zeitschrift",
	number=27,
	year=1928
}

@article{aussagenkalkuel,
	keywords={goedel},
	note="J.~\L{}ukasiewicz und A.~Tarski, Untersuchungen über den Aussagenkalkül, Comptes Rendus des s\'eances de la Soci\'et\'e de Sciences et Lettres de Varsovie XXIII, 1930, Cl. III",
	author="Jan~\L{}ukasiewicz AND Alfred~Tarski",
	title="Untersuchungen über den Aussagenkalkül",
	journal="Comptes Rendus des s\'eances de la Soci\'et\'e de Sciences et Lettres de Varsovie",
	year=1930,
	number="XXIII"
}

